<record><leader>00000cas a22000007a 4500</leader><controlfield tag="001">18109408</controlfield><controlfield tag="008">880620d1979198utxuwr ne      0    0eng d</controlfield><datafield ind1=" " ind2=" " tag="010"><subfield code="a">sn 88083772 </subfield></datafield><datafield ind1=" " ind2=" " tag="040"><subfield code="a">PPM</subfield><subfield code="b">eng</subfield><subfield code="c">PPM</subfield><subfield code="d">OCLCQ</subfield></datafield><datafield ind1=" " ind2=" " tag="042"><subfield code="a">msc</subfield></datafield><datafield ind1="0" ind2="4" tag="245"><subfield code="a">The Alto herald and the Wells news 'n views.</subfield></datafield><datafield ind1=" " ind2=" " tag="260"><subfield code="a">Alto, Tex. :</subfield><subfield code="b">E.H. Whitehead Enterprises,</subfield><subfield code="c">1979-</subfield></datafield><datafield ind1=" " ind2=" " tag="310"><subfield code="a">Weekly</subfield></datafield><datafield ind1="0" ind2=" " tag="362"><subfield code="a">Vol. 83, no. 35 (Jan. 11, 1979)-</subfield></datafield><datafield ind1=" " ind2=" " tag="752"><subfield code="a">United States</subfield><subfield code="b">Texas</subfield><subfield code="c">Cherokee</subfield><subfield code="d">Alto.</subfield></datafield><datafield ind1=" " ind2=" " tag="752"><subfield code="a">United States</subfield><subfield code="b">Texas</subfield><subfield code="c">Cherokee</subfield><subfield code="d">Wells.</subfield></datafield><datafield ind1="0" ind2="4" tag="780"><subfield code="t">Alto herald</subfield></datafield><datafield ind1="0" ind2="4" tag="780"><subfield code="t">Wells news 'n views</subfield></datafield></record>